<record><leader>00000cas a22000007a 4500</leader><controlfield tag="001">41239579</controlfield><controlfield tag="008">990423d19321933tnuwr ne      0    0eng d</controlfield><datafield ind1=" " ind2=" " tag="010"><subfield code="a">sn 99065802 </subfield></datafield><datafield ind1=" " ind2=" " tag="040"><subfield code="a">TGN</subfield><subfield code="b">eng</subfield><subfield code="c">TGN</subfield><subfield code="d">OCLCF</subfield><subfield code="d">OCLCO</subfield></datafield><datafield ind1=" " ind2=" " tag="042"><subfield code="a">msc</subfield></datafield><datafield ind1="0" ind2=" " tag="130"><subfield code="a">Marion County record (South Pittsburg, Tenn.)</subfield></datafield><datafield ind1="0" ind2="4" tag="245"><subfield code="a">The Marion County record.</subfield></datafield><datafield ind1=" " ind2=" " tag="260"><subfield code="a">South Pittsburg, Tenn. :</subfield><subfield code="b">Julie M Ritzius,</subfield><subfield code="c">1932-1933.</subfield></datafield><datafield ind1=" " ind2=" " tag="300"><subfield code="a">v.</subfield></datafield><datafield ind1=" " ind2=" " tag="310"><subfield code="a">Weekly</subfield></datafield><datafield ind1="0" ind2=" " tag="362"><subfield code="a">Vol. 1, no. 1 (Oct. 19, 1932)-v. 1, no. 15 (Feb. 2, 1933).</subfield></datafield><datafield ind1=" " ind2=" " tag="500"><subfield code="a">Editor: Julie M. Ritzius, 1932-1933.</subfield></datafield><datafield ind1=" " ind2="0" tag="651"><subfield code="a">South Pittsburg (Tenn.)</subfield><subfield code="v">Newspapers.</subfield></datafield><datafield ind1=" " ind2="0" tag="651"><subfield code="a">Marion County (Tenn.)</subfield><subfield code="v">Newspapers.</subfield></datafield><datafield ind1=" " ind2="7" tag="655"><subfield code="a">Newspapers.</subfield><subfield code="2">fast</subfield><subfield code="0">(OCoLC)fst01423814</subfield></datafield><datafield ind1=" " ind2="7" tag="651"><subfield code="a">Tennessee</subfield><subfield code="z">Marion County.</subfield><subfield code="2">fast</subfield><subfield code="0">(OCoLC)fst01224657</subfield></datafield><datafield ind1=" " ind2="7" tag="651"><subfield code="a">Tennessee</subfield><subfield code="z">South Pittsburg.</subfield><subfield code="2">fast</subfield><subfield code="0">(OCoLC)fst01232042</subfield></datafield><datafield ind1=" " ind2=" " tag="752"><subfield code="a">United States</subfield><subfield code="b">Tennessee</subfield><subfield code="c">Marion</subfield><subfield code="d">South Pittsburg.</subfield></datafield></record>